<record><leader>00000cas a22000007a 4500</leader><controlfield tag="001">19060689</controlfield><controlfield tag="008">890125d19041906ohudn ne      0    0eng d</controlfield><datafield ind1=" " ind2=" " tag="010"><subfield code="a">sn 89075015 </subfield></datafield><datafield ind1=" " ind2=" " tag="040"><subfield code="a">ONP</subfield><subfield code="b">eng</subfield><subfield code="c">ONP</subfield><subfield code="d">OCLCQ</subfield></datafield><datafield ind1=" " ind2=" " tag="042"><subfield code="a">msc</subfield></datafield><datafield ind1="0" ind2=" " tag="130"><subfield code="a">Bellevue news (Bellevue, Ohio : 1904)</subfield></datafield><datafield ind1="1" ind2="4" tag="245"><subfield code="a">The Bellevue news.</subfield></datafield><datafield ind1=" " ind2=" " tag="260"><subfield code="a">Bellevue, Ohio :</subfield><subfield code="b">Geo. E. Woods,</subfield><subfield code="c">1904-</subfield></datafield><datafield ind1=" " ind2=" " tag="310"><subfield code="a">Daily (except Sun.)</subfield></datafield><datafield ind1="0" ind2=" " tag="362"><subfield code="a">[Vol. 1], no. 1 (Oct. 31, 1904)-</subfield></datafield><datafield ind1=" " ind2=" " tag="580"><subfield code="a">Weekly ed.: Bellevue news (Bellevue, Ohio : 1890).</subfield></datafield><datafield ind1=" " ind2=" " tag="752"><subfield code="a">United States</subfield><subfield code="b">Ohio</subfield><subfield code="c">Huron</subfield><subfield code="d">Bellevue.</subfield></datafield><datafield ind1="1" ind2=" " tag="775"><subfield code="t">Bellevue news (Bellevue, Ohio : 1890)</subfield><subfield code="w">(DLC)sn 89075014</subfield></datafield></record>